@article{bonasso_etal03,
author = "R. Peter Bonasso and David Kortenkamp and Carroll Thronesbery",
title = "Intelligent Control of a Water Recovery System",
journal = "AI Magazine",
year = 2003,
volume = "24",
number = "1",
page = "19-43"}

@inproceedings{edeen_etal93,
author = "Marybeth A. Edeen and Carl D. McFadden and Adam M. Miller",
title = "Modeling and Validation of the Ambient and Variable Pressure Growth Chamber Models",  
booktitle = "Proceedings of the International Conference on Environmental Systems, SAE Technical Paper Series 932171", 
year = 1993}

@inproceedings{finn99,
author = "Cory K. Finn" ,
title = "Dynamic System Modeling of Regenerative Life Support Systems",  
booktitle = "Proceedings of the International Conference on Environmental Systems, SAE Technical Paper 1999-01-2040", 
year = 1999}

@inproceedings{goudarzi_ting99,
author = "Sara Goudarzi and K.C. Ting",
title = "Top Level Modeling of Crew Component of ALSS",  
booktitle = "Proceedings of the International Conference on Environmental Systems", 
year = 1999}

@inproceedings{jones_cavazzoni00,
author = "Harry Jones and James Cavazzoni" ,
title = "Top-Level Crop Models for Advanced Life Support Analysis",  
booktitle = "Proceedings of the International Conference on Environmental Systems, SAE Technical Paper 2000-01-2261", 
year = 2000}

@inproceedings{kortenkamp_etal01,
author = "David Kortenkamp and R. Peter Bonasso and Devika Subramanian",
title = "Distributed, Autonomous Control of Space Habitats",  
booktitle = "Proceedings of the IEEE Aerospace Conference", 
year = 2001}

@inproceedings{malin_etal00,
author = "Jane Malin",
title = "Multi-Agent Diagnosis and Control of an Air Revitalization System for Life Support in Space,",  
booktitle = "Proceedings of the IEEE Aerospace Conference", 
year = 2000}

@article{schreckenghost_etal02,
author = "Debra Shreckenghost and Carroll Thronesbery and R. Peter Bonasso and David Kortenkamp and Cheryl Martin",
title = "Intelligent Control of Life Support for Space Missions",
journal = "IEEE Intelligent Systems",
year = 2002,
volume = "17",
number = "5",
page = "24 -- 31"}

@inproceedings{tri99,
author = "Terry Tri" ,
title = "Bioregenerative Planetary Life Support Systems Test Complex {(BIO-Plex)}:  Test Mission Objectives and Facility Development",  
booktitle = "Proceedings of the International Conference on Environmental Systems, SAE Technical Paper 1999-01-2186", 
year = 1999}
